@Book{xie2015,
  title = {Dynamic Documents with {R} and knitr},
  author = {Yihui Xie},
  publisher = {Chapman and Hall/CRC},
  address = {Boca Raton, Florida},
  year = {2015},
  edition = {2nd},
  note = {ISBN 978-1498716963},
  url = {http://yihui.org/knitr/},
}

@book{yotov2016advanced,
  title={An advanced guide to trade policy analysis: The structural gravity model},
  author={Yotov, Yoto V and Piermartini, Roberta and Monteiro, Jos{\'e}-Antonio and Larch, Mario},
  year={2016},
  publisher={World Trade Organization Geneva}
}

@Book{solutionsagtpa,
  title = {Solutions Manual for An Advanced Guide to Trade Policy Analysis in R},
  author = {Vargas, Mauricio},
  publisher = {UN ESCAP},
  year = {2021},
  edition = {2nd},
  url = {https://r.tiid.org/R_structural_gravity/}
}

@article{silva2006log,
  title={The log of gravity},
  author={Silva, JMC Santos and Tenreyro, Silvana},
  journal={The Review of Economics and statistics},
  volume={88},
  number={4},
  pages={641--658},
  year={2006},
  publisher={MIT Press}
}

@book{wickham2016r,
  title={R for data science: import, tidy, transform, visualize, and model data},
  author={Wickham, Hadley and Grolemund, Garrett},
  year={2016},
  publisher={"O\'Reilly Media, Inc."}
}

@Manual{tradepolicy,
  title = {tradepolicy: Replication of 'An Advanced Guide To Trade Policy Analysis'},
  author = {Mauricio Vargas},
  note = {R package version 0.5.0},
  url = {https://r.tiid.org/R_structural_gravity/},
  year = {2021}
}

@Article{tidyverse,
  title = {Welcome to the {tidyverse}},
  author = {Hadley Wickham and Mara Averick and Jennifer Bryan and Winston Chang and Lucy D'Agostino McGowan and Romain François and Garrett Grolemund and Alex Hayes and Lionel Henry and Jim Hester and Max Kuhn and Thomas Lin Pedersen and Evan Miller and Stephan Milton Bache and Kirill Müller and Jeroen Ooms and David Robinson and Dana Paige Seidel and Vitalie Spinu and Kohske Takahashi and Davis Vaughan and Claus Wilke and Kara Woo and Hiroaki Yutani},
  year = {2019},
  journal = {Journal of Open Source Software},
  volume = {4},
  number = {43},
  pages = {1686},
  doi = {10.21105/joss.01686}
}

@Manual{malexander19,
  title = {Reproducibility in demographic research},
  author = {Monica Alexander},
  url = {https://www.monicaalexander.com/posts/2019-10-20-reproducibility/},
  year = {2019}
}

@article{Woelver2018,
  title={Gravity: Estimation Methods for Gravity Models in R},
  author={Woelwer, Anna Lenna and Burgard, Jan Pablo and Kunst, Joshua and Vargas, Mauricio},
  journal={Journal of Open Source Software},
  volume={31},
  number={3},
  pages={1038},
  year={2018},
  doi={10.21105/joss.01038}
}

@TechReport{CEPII201125,
author={Thierry Mayer and Soledad Zignago},
title={Notes on CEPII’s distances measures: The GeoDist database},
year=2011,
month=December,
institution={CEPII},
type={Working Papers},
url={http://www.cepii.fr/CEPII/en/publications/wp/abstract.asp?NoDoc=3877},
number={2011-25},
}

@Manual{cepiigeodist,
    title = {cepiigeodist: CEPII's GeoDist Datasets},
    author = {Mauricio Vargas},
    year = {2020},
    note = {R package version 0.1},
    url = {https://CRAN.R-project.org/package=cepiigeodist},
  }

@article{silva2006log,
  title={The log of gravity},
  author={Silva, JMC Santos and Tenreyro, Silvana},
  journal={The Review of Economics and statistics},
  volume={88},
  number={4},
  pages={641--658},
  year={2006},
  publisher={MIT Press}
}

@article{shoven1984applied,
  title={Applied general-equilibrium models of taxation and international trade: An introduction and survey},
  author={Shoven, John B and Whalley, John},
  journal={Journal of Economic literature},
  volume={22},
  number={3},
  pages={1007--1051},
  year={1984},
  publisher={JSTOR}
}

@incollection{Head2014,
 title = "Chapter 3 - Gravity Equations: Workhorse,Toolkit, and Cookbook",
 editor = "Gita Gopinath and Elhanan Helpman and Kenneth Rogoff",
 series = "Handbook of International Economics",
 publisher = "Elsevier",
 volume = "4",
 pages = "131 - 195",
 year = "2014",
 booktitle = "Handbook of International Economics",
 issn = "1573-4404",
 doi = "10.1016/B978-0-444-54314-1.00003-3",
 author = "Keith Head and Thierry Mayer",
 keywords = "Bilateral trade, Heterogeneous firms, Distance, Borders, Trade cost elasticity, Poisson"
}

@article{anderson2010changing,
  title={The changing incidence of geography},
  author={Anderson, James E and Yotov, Yoto V},
  journal={American Economic Review},
  volume={100},
  number={5},
  pages={2157--86},
  year={2010}
}

@article{anderson1979theoretical,
  title={A theoretical foundation for the gravity equation},
  author={Anderson, James E},
  journal={The American economic review},
  volume={69},
  number={1},
  pages={106--116},
  year={1979},
  publisher={JSTOR}
}

@article{anderson2003gravity,
  title={Gravity with gravitas: A solution to the border puzzle},
  author={Anderson, James E and Van Wincoop, Eric},
  journal={American economic review},
  volume={93},
  number={1},
  pages={170--192},
  year={2003}
}

@techreport{wei1996intra,
  title={Intra-national versus international trade: how stubborn are nations in global integration?},
  author={Wei, Shang-Jin},
  year={1996},
  institution={National Bureau of Economic Research}
}

@article{baier2009estimating,
  title={Estimating the effects of free trade agreements on international trade flows using matching econometrics},
  author={Baier, Scott L and Bergstrand, Jeffrey H},
  journal={Journal of international Economics},
  volume={77},
  number={1},
  pages={63--76},
  year={2009},
  publisher={Elsevier}
}
